2115 3676
316 169 419 215 500
707 159 1559 214 DIFOTYLEDONES.
1732 168 1948 213 matun.

311 250 439 303 3359.
472 247 726 287 Rabioides.
751 248 883 287 Foliis
903 249 1121 302 quaternis
1141 244 1536 285 lanceolam-ovans
1555 244 1703 298 rigidis
1724 248 1952 292 trinerviis‚

367 307 557 358 margine
576 306 799 359 nervisque
821 304 999 359 hispidis
1015 336 1023 351 ‚
1041 304 1159 342 caule
1176 314 1332 342 erecto.
1357 300 1423 357 ᾙ..
1444 302 1495 342 In
1515 303 1644 357 pratis
1670 302 1859 343 Vallesiae
1880 306 1952 343 in-

370 363 540 403 ferioris
554 392 564 411 ‚
588 363 630 401 in
649 361 888 402 Palatinam
908 362 1019 400 circa
1040 360 1270 401 Lauteren.

310 440 438 482 3360.
475 437 705 479 Palustre.
740 438 873 477 Foliis
909 438 1128 492 quaternis
1157 437 1319 475 senisve
1350 435 1541 476 obovatis
1569 435 1733 475 obtusis
1763 436 1955 490 inaequa-

372 496 485 535 libus
504 524 510 539 ‚
533 496 650 536 caule
672 495 828 535 diffuso
852 495 1028 548 esf-gono.
1054 492 1202 549 2fi.1n
1225 493 1358 548 pratis
1376 492 1567 533 humidis
1586 503 1627 532 et
1645 492 1699 532 ad
1719 493 1954 546 marginem

369 553 581 593 fossarum
602 564 643 594 et
662 554 871 593 rivorum.

315 630 443 672 3361.
476 629 706 685 Mollugo.
731 629 864 669 Foliis
889 627 1055 667 octonis
1082 625 1461 666 ovato-linearibus
1481 625 1731 666 subseri-atis
1751 625 1958 680 patentis-

376 686 495 727 simis
517 688 801 731 mucronatis,
834 685 950 724 caule
980 683 1162 723 flaccido
1182 684 1385 736 anguloso
1407 697 1574 722 ramoso
1588 713 1599 733 ,
1620 685 1748 724 ramis
1768 682 1955 738 patenti-

370 744 469 784 bus.
496 744 561 801 QZ.
584 743 657 784 Ad
675 758 793 798 sepes
814 752 853 781 et
873 742 960 780 vias
984 740 1184 780 humidas
1203 739 1420 794 frequens.

319 821 447 862 3362.
473 822 697 862 Erectum.
718 820 853 859 Foliis
872 819 983 859 senis
1005 817 1220 858 octonisve
1245 816 1490 857 lanceolatis
1517 817 1706 869 margine
1736 815 1959 863 ,aculeato-

381 879 598 919 serrulatis
616 878 902 922 mucronatis,
923 876 1132 931 paniculis
1153 875 1436 922 trichotoinis‚
1459 874 1576 912 caule
1596 873 1838 912 laeviusculo
1858 871 1962 911 ssac-

380 936 492 975 cido.
521 936 583 991 Q7Z.
606 935 655 974 In
685 936 817 989 pratis
842 933 1035 972 humidis
1056 933 1264 973 montosis
1284 931 1615 986 Pyrenaeorum,
1639 929 1929 985 Delphinatfis
1944 958 1958 978 ,

379 991 763 1047 Galloprovinciae,
786 989 1071 1030 Pedemoniii.

324 1069 451 1112 3363.
490 1071 753 1109 Arislacum.
799 1068 934 1108 Foliis
976 1069 1142 1107 octonis
1176 1066 1421 1107 lanceolatis
1462 1064 1635 1104 laevibus
1668 1063 1959 1109 mucronatis,

380 1128 577 1181 panicula
600 1126 814 1181 capfflari,
846 1124 1014 1165 corollae
1037 1125 1148 1164 lobis
1168 1125 1368 1170 aristatis,
1403 1124 1520 1162 caule
1554 1133 1773 1176 tetragono
1802 1119 1963 1159 subde-

380 1184 473 1223 bili.
501 1183 566 1240 212.
594 1183 643 1224 In
666 1183 795 1238 sylvis
816 1183 1025 1222 montosis
1046 1180 1423 1236 Galloprovinciae.

327 1260 455 1314 3364.
492 1258 726 1300 (Ῑὶηενίνηι.
749 1258 881 1298 Foliis
909 1259 1018 1298 senis
1042 1257 1168 1309 longe
1191 1257 1390 1311 ellipticis
1416 1254 1564 1308 rigidis
1586 1252 1964 1294 serrato-aculeatis

381 1318 532 1357 subtus
559 1317 716 1370 glaucis
734 1346 744 1358 .
767 1314 949 1355 floribus
970 1315 1225 1369 paniculatis
1254 1313 1572 1358 terminalibus,
1596 1312 1714 1350 caule
1740 1310 1966 1363 subligno-

382 1389 442 1415 so.
481 1373 547 1429 ZZ.
572 1373 644 1413 Ad
671 1374 813 1413 vineas
843 1373 887 1412 in
915 1371 1222 1418 Pedemontio,
1254 1371 1298 1409 in
1324 1370 1431 1409 saxis
1456 1369 1610 1423 apricis
1630 1366 1823 1406 Vallesiae
1852 1365 1965 1405 infe·-

385 1445 526 1470 noris.

329 1506 456 1549 3365.
499 1505 816 1561 Tenuifolium.
841 1505 974 1545 Foliis
995 1506 1104 1545 senis
1123 1503 1354 1544 linearibus
1376 1501 1523 1556 rigidis
1542 1500 1713 1540 sulcatis
1733 1499 1971 1539 retrorsum.

383 1564 566 1612 scabris,
603 1563 781 1603 floribus
817 1564 1137 1608 terminalibus,
1175 1560 1397 1616 pedicellis
1428 1557 1721 1602 trichotomis,
1755 1556 1873 1595 caule
1898 1569 1970 1594 ra-

384 1635 506 1659 moso
527 1621 667 1674 rigido
686 1622 845 1674 „ff-gono
864 1621 971 1661 laevi.
998 1619 1064 1674 QZ.
1087 1619 1138 1659 In
1158 1619 1317 1658 saxosis
1346 1631 1465 1656 secus
1494 1614 1756 1655 Rhodanum
1787 1613 1830 1652 in
1858 1610 1971 1652 Del-

385 1679 568 1732 pliinatu
585 1706 594 1724 ,
615 1678 659 1717 in
680 1678 863 1717 collibus
889 1678 1000 1716 circa
1021 1675 1210 1717 Nicaeam
1226 1704 1236 1723 ‚
1262 1673 1534 1715 Narbonem.

331 1753 456 1794 3366.
493 1753 646 1793 Loeve.
678 1754 813 1793 Foliis
842 1754 1108 1808 subseptenis
1136 1752 1274 1806 planis
1298 1750 1531 1790 linearibus
1550 1748 1721 1787 laevibus
1739 1759 1975 1785 mucrona-

392 1812 458 1860 tis,
471 1809 650 1850 floribus
666 1810 1009 1858 subumbellatis,
1028 1810 1220 1849 caulibus
1241 1808 1395 1860 glabris
1416 1806 1583 1846 diffusis
1603 1803 1974 1845 adscendentibus,

392 1867 458 1924 ἹῚΕ.
481 1867 531 1907 In
552 1868 719 1922 pascuis
738 1868 946 1906 montosis
967 1877 1008 1906 et
1027 1866 1156 1921 sylvis
1177 1866 1315 1904 siccis.

334 1943 462 1998 3367.
492 1942 704 1983 Bocconi.
727 1943 861 1982 Foliis
886 1935 995 1981 senis
1026 1941 1267 1995 subasper-is
1293 1939 1554 1979 mucronatis
1570 1967 1580 1983 ‚
1599 1935 1858 1992 pedunculis
1876 1934 1976 1974 sub-

391 2001 682 2046 trichotomis,
709 2000 900 2039 caulibus
921 1999 1090 2052 4-gonis
1108 1998 1332 2052 prostratis
1351 1997 1440 2035 basi
1461 1994 1810 2049 pubescentibus.
1835 1991 1976 2034 2L.1r1

392 2059 552 2097 saxosis
573 2068 614 2096 et
636 2056 765 2112 sylvis
785 2057 991 2096 montosis
1011 2056 1122 2096 circa
1150 2054 1335 2095 Parisios
1351 2083 1361 2102 ,
1396 2052 1594 2106 Stampas
1608 2081 1618 2099 ,
1656 2049 1876 2090 Gcnevam
1893 2078 1915 2097 ,q
1931 2049 1976 2088 in

385 2114 611 2160 ,Arverniae
636 2114 871 2153 montibus.

338 2191 466 2234 3368.
497 2191 834 2232 Illuc-mnarum.
865 2190 999 2230 Foliis
1029 2189 1277 2229 suboctonis
1302 2187 1461 2227 scabris
1482 2184 1712 2226 linearibus
1742 2196 1976 2222 mucrona-

395 2250 448 2289 tis
465 2279 475 2295 ‚
502 2249 757 2305 pedunculis
778 2249 955 2287 ramosis
972 2278 982 2292 ,
1007 2247 1177 2287 corollae
1193 2246 1304 2285 lobis
1322 2244 1506 2285 aristatis
1521 2272 1530 2288 ‚
1552 2242 1669 2281 caule
1694 2239 1978 2280 adscendente

395 2307 560 2346 inferne
596 2307 712 2346 hirto
743 2307 925 2360 superne
947 2305 1108 2357 glabro·
1146 2303 1212 2358 77Z.
1242 2302 1292 2342 In
1327 2301 1496 2357 pascuis
1524 2297 1846 2343 submontanis‚
1871 2295 1978 2336 locis

397 2363 611 2403 sterilibus
625 2395 635 2413 ,
660 2364 703 2404 in
722 2363 952 2418 Pyrenaeis,
976 2360 1257 2415 Delpliinatu.

339 2441 467 2493 3369.
491 2439 751 2494 Anglicum.
772 2438 908 2479 Foliis
932 2438 1124 2477 subsenis
1148 2433 1560 2475 lineari—lanceolatis
1583 2429 1846 2471 mucronatis
1869 2442 1981 2484 mar-

400 2498 494 2546 =‘gine
523 2497 728 2550 cauleque
759 2496 939 2541 scabris,
964 2493 1147 2534 floribus
1177 2491 1430 2546 paniculatis
1465 2488 1784 2534 terminalibus,
1812 2484 1981 2541 pedun-

402 2554 508 2593 culis
535 2552 681 2593 bifidis
708 2564 780 2592 aut
806 2551 977 2592 trifidis.
1010 2557 1072 2599 Θ.
1100 2550 1151 2590 In
1173 2549 1316 2596 siccis,
1343 2547 1547 2602 lapidosis
1571 2544 1640 2586 vel
1661 2544 1864 2584 arenosis.

345 2631 473 2685 3370.
506 2630 830 2669 Divaricatum.
854 2628 987 2668 Foliis
1009 2626 1275 2681 subseptenis
1297 2624 1528 2664 linearibus
1549 2619 1729 2676 hispidis
1746 2649 1756 2667 ,
1777 2617 1895 2659 caule
1915 2632 1981 2657 su-

401 2689 532 2742 perne
559 2687 686 2726 ramis
727 2685 1001 2739 capillaribus
1024 2683 1284 2723 dichotomis
1304 2692 1346 2721 et
1364 2679 1606 2720 divaricatis
1630 2675 1889 2732 paniculato.
1913 2680 1979 2723 Θ.

403 2745 453 2783 In
477 2745 663 2783 arenosis
684 2753 726 2782 et
751 2742 953 2798 lapidosis
977 2740 1208 2782 Occitaniae
1233 2740 1368 2793 propc-
1390 2735 1658 2777 Narbonem.

349 2823 476 2876 3371.
519 2822 816 2876 Uliginosum.
848 2819 982 2860 Foliis
1016 2818 1125 2858 senis
1160 2815 1405 2858 lanceolatis
1430 2814 1665 2853 retrorsum
1690 2817 1983 2851 serrato-acti-

404 2880 522 2919 leatis
557 2878 817 2917 mucronatis
850 2875 1022 2929 rigidis.
1051 2874 1182 2914 caulis
1219 2873 1383 2923 angulis
1415 2868 1803 2910 aculeato-scabris.
1838 2866 1904 2922 212.
1929 2866 1982 2908 In

408 2936 580 2975 turfosis
603 2934 820 2990 paludosis
851 2934 963 2974 circa
991 2931 1235 2979 Genavam,
1259 2929 1563 2981 Hunningam,
1585 2925 1786 2967 Parisios.

354 3018 479 3072 3372.
516 3017 750 3073 Supinum.
781 3017 914 3057 Foliis
936 3015 1127 3056 subsonis
1155 3009 1577 3053 lineari-lanceolatis
1603 3006 1865 3048 mucronatis
1885 3004 1985 3069 5ιῷ-

411 3076 591 3130 asperis,
609 3075 800 3115 caulibus
816 3074 1040 3130 prostratis
1058 3070 1372 3112 ramosissimis.
1398 3066 1536 3123 2ss.1n
1555 3065 1684 3106 aridis
1705 3075 1747 3105 et
1763 3060 1984 3118 lapidosis.

355 3151 479 3206 3353.
514 3149 829 3205 Pyrenuicum,
856 3149 990 3196 Foliis
1022 3150 1132 3192 senis
1159 3145 1392 3189 linearibus
1413 3142 1671 3186 acutissimis
1701 3139 1851 3182 creetis
1880 3136 1984 3180 niti-
